%% ##  These are examples of BibTeX entries.  You should be able to represent
%% ##  all the entries you need from this set of examples.

@inproceedings{morris2009fpga,
	title={FPGA accelerated low-latency market data feed processing},
	author={Morris, Gareth W and Thomas, David B and Luk, Wayne},
	booktitle={2009 17th IEEE Symposium on High Performance Interconnects},
	pages={83--89},
	year={2009},
	organization={IEEE}
}

@book{alexander2001market,
	title={Market models: A guide to financial data analysis},
	author={Alexander, Carol},
	year={2001},
	publisher={John Wiley \& Sons}
}

@article{le2009automated,
	title={Automated Trading System},
	author={Le, Duc},
	year={2009},
	publisher={University of Nottingham}
}

@Misc{ibm2011highfrequency,
	howpublished = {\url{http://www.mellanox.com/pdf/whitepapers/Low-Latency-Solution-for-High-Frequency-Trading-from-IBM-and-Mellanox.pdf}},
	note = {Accessed July 2, 2016},
	title = {A Low-Latency Solution for High Frequency Trading from IBM and Mellanox},
	author = {Vinit Jain}
}

@article{pang2014th,
	title={The TH Express high performance interconnect networks},
	author={Pang, Zhengbin and Xie, Min and Zhang, Jun and Zheng, Yi and Wang, Guibin and Dong, Dezun and Suo, Guang},
	journal={Frontiers of Computer Science},
	volume={8},
	number={3},
	pages={357--366},
	year={2014},
	publisher={Springer}
}

@Misc{financeyahoo,
	howpublished = {\url{http://finance.yahoo.com/quote/API?ltr=1}},
	note = {Accessed July 2, 2016},
	title = {Yahoo! Finance API},
	author = {Yahoo!}
}

@Misc{htfbackyard,
	howpublished = {\url{https://sniperinmahwah.wordpress.com/2014/09/22/hft-in-my-backyard-part-i/}},
	note = {Accessed July 2, 2016},
	title = {HFT in my backyard},
	author = {Alexandre Laumonier}
}

@misc{zusman1999fault,
	title={Fault-tolerant central ticker plant system for distributing financial market data},
	author={Zusman, Joseph and Tang, Jennifer L and Nakelsky, Raymond S and Verbeck, Stephen L and Azizian, David},
	year={1999},
	month=nov # "~16",
	publisher={Google Patents},
	note={US Patent 5,987,432}
}
@Misc{udpprotocol,
	howpublished = {\url{https://tools.ietf.org/html/rfc768}},
	note = {Accessed July 2, 2016},
	title = {RFC 768 User Datagram Protocol},
	author = {J. Postel}
}

@misc{behrooz2005computer,
	title={Computer architecture: From microprocessors to supercomputers},
	author={Behrooz, P},
	year={2005},
	publisher={Oxford University Press}
}

@article{brown2004engineering,
	title={Engineering a beowulf-style compute cluster},
	author={Brown, Robert G},
	journal={Duke University Physics Department},
	year={2004}
}
@article{leiserson1985fat,
	title={Fat-trees: universal networks for hardware-efficient supercomputing},
	author={Leiserson, Charles E},
	journal={IEEE transactions on Computers},
	volume={100},
	number={10},
	pages={892--901},
	year={1985},
	publisher={IEEE}
}

@article{schwartz1980ultracomputers,
	title={Ultracomputers},
	author={Schwartz, Jacob T},
	journal={ACM Transactions on Programming Languages and Systems (TOPLAS)},
	volume={2},
	number={4},
	pages={484--521},
	year={1980},
	publisher={ACM}
}

@article{stone1971parallel,
	title={Parallel processing with the perfect shuffle},
	author={Stone, Harold S},
	journal={IEEE transactions on computers},
	volume={20},
	number={2},
	pages={153--161},
	year={1971},
	publisher={IEEE Computer Society}
}

@article{clos1953study,
	title={A Study of Non-Blocking Switching Networks},
	author={Clos, Charles},
	journal={Bell System Technical Journal},
	volume={32},
	number={2},
	pages={406--424},
	year={1953},
	publisher={Wiley Online Library}
}

@article{lipton1980applications,
	title={Applications of a planar separator theorem},
	author={Lipton, Richard J and Tarjan, Robert Endre},
	journal={SIAM journal on computing},
	volume={9},
	number={3},
	pages={615--627},
	year={1980},
	publisher={SIAM}
}

@book{aho1974design,
	title={The design and analysis of computer algorithms},
	author={Aho, Alfred V and Hopcroft, John E},
	year={1974},
	publisher={Pearson Education India}
}


@misc{klaas2004system,
	title={System-on-a-chip},
	author={Klaas, Jeff},
	year={2004},
	month=nov # "~9",
	publisher={Google Patents},
	note={US Patent 6,816,750}
}

@article{yang2011tianhe,
	title={The TianHe-1A supercomputer: its hardware and software},
	author={Yang, Xue-Jun and Liao, Xiang-Ke and Lu, Kai and Hu, Qing-Feng and Song, Jun-Qiang and Su, Jin-Shu},
	journal={Journal of Computer Science and Technology},
	volume={26},
	number={3},
	pages={344--351},
	year={2011},
	publisher={Springer}
}

@Misc{ciscoWhitePaper,
	howpublished = {\url{http://www.cisco.com/c/dam/en/us/products/collateral/switches/nexus-3000-series-switches/white_paper_c11-720080.pdf}},
	note = {Accessed July 2, 2016},
	title = {The Next Generation Trading Infrasturcture},
	author = {Cisco}
}

@misc{archer2012remote,
	title={Remote direct memory access},
	author={Archer, Charles J and Blocksome, Michael A},
	year={2012},
	month=dec # "~4",
	publisher={Google Patents},
	note={US Patent 8,325,633}
}

@misc{gildea2004remote,
	title={Remote direct memory access system and method},
	author={Gildea, Kevin and Govindaraju, Rama and Grice, Donald and Hochschild, Peter and Chang, Fu Chung},
	year={2004},
	month=aug # "~30",
	publisher={Google Patents},
	note={US Patent App. 10/929,943}
}

@book{hauck2010reconfigurable,
  title={Reconfigurable computing: the theory and practice of FPGA-based computation},
  author={Hauck, Scott and DeHon, Andre},
  volume={1},
  year={2010},
  publisher={Morgan Kaufmann}
}

@Misc{logipi,
	howpublished = {\url{http://valentfx.com/wiki/index.php?title=Logi-Pi_Quick_Start_Guide}},
	note = {Accessed July 2, 2016},
	title = {LOGI PI FPGA User Manual},
	author = {Valent FX}
}

@article{liu2004high,
  title={High performance RDMA-based MPI implementation over InfiniBand},
  author={Liu, Jiuxing and Wu, Jiesheng and Panda, Dhabaleswar K},
  journal={International Journal of Parallel Programming},
  volume={32},
  number={3},
  pages={167--198},
  year={2004},
  publisher={Springer}
}

@misc{RobertRDMAintro,
	title={Introduction to RDMA Programming},
	author={Robert D. Russell},
	year={2012},
	publisher={Google Patents},
	note={US Patent App. 10/929,943}
}

@article{liu2004high,
  title={High performance RDMA-based MPI implementation over InfiniBand},
  author={Liu, Jiuxing and Wu, Jiesheng and Panda, Dhabaleswar K},
  journal={International Journal of Parallel Programming},
  volume={32},
  number={3},
  pages={167--198},
  year={2004},
  publisher={Springer}
}

@article{hilland2003rdma,
  title={RDMA protocol verbs specification},
  author={Hilland, Jeff and Culley, Paul and Pinkerton, Jim and Recio, Renato},
  journal={RDMAC Consortium Draft Specification draft-hilland-iwarp-verbsv1. 0-RDMAC},
  year={2003}
}

@misc{arndt2003infiniband,
  title={Infiniband subnet management queue pair emulation for multiple logical ports on a single physical port},
  author={Arndt, Richard and Beukema, Bruce and Craddock, David and Gregg, Thomas and Schmidt, Donald and Walk, Bruce},
  year={2003},
  month=jul # "~25",
  publisher={Google Patents},
  note={US Patent App. 10/626,988}
}

@misc{garcia2006binding,
  title={Binding a memory window to a queue pair},
  author={Garcia, David J and Hilland, Jeffrey R and Culley, Paul R and Barron, Dwight L and Krause, Michael R},
  year={2006},
  month=sep # "~5",
  publisher={Google Patents},
  note={US Patent 7,103,744}
}

@misc{boyd2007memory,
  title={Memory management offload for RDMA enabled network adapters},
  author={Boyd, William Todd and Joseph, Douglas J and Ko, Michael Anthony and Recio, Renato John},
  year={2007},
  month=nov # "~20",
  publisher={Google Patents},
  note={US Patent 7,299,266}
}

@article{ellis1980concurrent,
  title={Concurrent search and insertion in AVL trees},
  author={Ellis, Carla Schlatter},
  journal={IEEE Transactions on Computers},
  volume={100},
  number={9},
  pages={811--817},
  year={1980},
  publisher={IEEE}
}

@article{stout1986tree,
  title={Tree rebalancing in optimal time and space},
  author={Stout, Quentin F. and Warren, Bette L.},
  journal={Communications of the ACM},
  volume={29},
  number={9},
  pages={902--908},
  year={1986},
  publisher={ACM}
}

@techreport{bedeir2010building,
  title={Building an RDMA-capable application with IB Verbs},
  author={Bedeir, Tarick},
  year={2010},
  institution={Technical report, http://www. hpcadvisorycouncil. com/, August 2010. http://www. hpcadvisorycouncil. com/pdf/building-an-rdma-capableapplication-with-ib-verbs. pdf}
}

@article{dongarra1995introduction,
  title={An introduction to the MPI standard},
  author={Dongarra, Jack J and Otto, Steve W and Snir, Marc and Walker, David},
  journal={Communications of the ACM},
  pages={18},
  year={1995},
  publisher={Citeseer}
}
@Misc{kendall_2016,
	howpublished = {\url{http://mpitutorial.com/tutorials/mpi-introduction/}},
	note = {Accessed July 2, 2016},
	title = {MPI Tutorial Introduction · MPI Tutorial},
	author = {Kendall, Wes}
}
@inproceedings{darema2001spmd,
  title={The spmd model: Past, present and future},
  author={Darema, Frederica},
  booktitle={European Parallel Virtual Machine/Message Passing Interface Users’ Group Meeting},
  pages={1--1},
  year={2001},
  organization={Springer}
}

@article{gropp1996high,
  title={A high-performance, portable implementation of the MPI message passing interface standard},
  author={Gropp, William and Lusk},
  journal={Parallel computing},
  volume={22},
  number={6},
  pages={789--828},
  year={1996},
  publisher={Elsevier}
}

@article{gropp1994abstract,
	title={An abstract device definition to support the implementation of a high-level point-to-point message-passing interface},
	author={Gropp, William and Lusk, Ewing},
	journal={Preprint MCS-P342-1193, Mathematics and Computer Science Division, Argonne National Laboratory, Argonne, Ill},
	year={1994}
}

@Misc{mpich_doc,
	howpublished = {\url{http://www.mpich.org/static/docs/v3.2/www3/MPI_Init.html}},
	note = {Accessed July 2, 2016},
	title = {MPICH documentation},
	author = {MPI-CH Org}
}

@article{liu2004high,
	title={High performance RDMA-based MPI implementation over InfiniBand},
	author={Liu, Jiuxing and Wu, Jiesheng and Panda, Dhabaleswar K},
	journal={International Journal of Parallel Programming},
	volume={32},
	number={3},
	pages={167--198},
	year={2004},
	publisher={Springer}
}

@article{protopopov2001multithreaded,
	title={A multithreaded message passing interface (MPI) architecture: Performance and program issues},
	author={Protopopov, Boris V and Skjellum, Anthony},
	journal={Journal of Parallel and Distributed Computing},
	volume={61},
	number={4},
	pages={449--466},
	year={2001},
	publisher={Elsevier}
}

@Misc{mpich_doc_adi3,
	howpublished = {\url{https://wiki.mpich.org/mpich/index.php/CH3_And_Channels}},
	note = {Accessed July 2, 2016},
	title = {MPICH documentation},
	author = {MPI-CH}
}

@inproceedings{dimitrov1999efficient,
	title={An efficient MPI implementation for Virtual Interface (VI) Architecture-enabled cluster computing},
	author={Dimitrov, Rossen and Skjellum, Anthony},
	booktitle={Proceedings of the Third MPI Developer’s Conference},
	year={1999}
}

@misc{michael1992universal,
	title={Universal asynchronous receiver/transmitter},
	author={Michael, Martin S},
	year={1992},
	month=aug # "~18",
	publisher={Google Patents},
	note={US Patent 5,140,679}
}

@Misc{rasppispi,
	howpublished = {\url{https://www.raspberrypi.org/documentation/hardware/raspberrypi/spi/README.md}},
	note = {Accessed July 2, 2016},
	title = {Raspberry Pi SPI},
	author = {RaspberryPi Org.}
}

@Misc{rasppiconfig,
	howpublished = {\url{https://www.raspberrypi.org/documentation/configuration/raspi-config.md}},
	note = {Accessed July 2, 2016},
	title = {Raspberry Pi SPI},
	author = {Alex Bradbury}
}


@Misc{logiwishbone,
	howpublished = {\url{http://valentfx.com/wiki/index.php?title=LOGI_-_Wishbone_-_HW}},
	note = {Accessed July 2, 2016},
	title = {Logi Pi Wishbone document},
	author = {ValentFx}
}

@techreport{moon1998correlation,
	title={Correlation of packet delay and loss in the Internet},
	author={Moon, Sue B and Kurose, Jim and Skelly, Paul and Towsley, Don},
	year={1998},
	institution={Technical report, UMass CMPSCI Technical Report 98-11}
}

@article{eggert2009tcp,
	title={Tcp user timeout option},
	author={Eggert, Lars and Gont, Fernando},
	year={2009}
}

@inproceedings{bolot1993end,
	title={End-to-end packet delay and loss behavior in the Internet},
	author={Bolot, Jean-Chrysotome},
	booktitle={ACM SIGCOMM Computer Communication Review},
	volume={23},
	number={4},
	pages={289--298},
	year={1993},
	organization={ACM}
}

@inproceedings{caceres1999multicast,
	title={Multicast-based inference of network-internal characteristics: Accuracy of packet loss estimation},
	author={C{\'a}ceres, Ram{\'o}n and Duffield, Nick G and Horowitz, Joseph and Towlsey, D and Bu, Tian},
	booktitle={INFOCOM'99. Eighteenth Annual Joint Conference of the IEEE Computer and Communications Societies. Proceedings. IEEE},
	volume={1},
	pages={371--379},
	year={1999},
	organization={IEEE}
}

@misc{kunz1999rj,
	title={RJ-45 modular connector with microwave-transmission-line integrated signal conditioning for high speed networks},
	author={Kunz, William E and McCamey, Avon},
	year={1999},
	month=oct # "~26",
	publisher={Google Patents},
	note={US Patent 5,971,813}
}

@article{cox2014iridis,
	title={Iridis-pi: a low-cost, compact demonstration cluster},
	author={Cox, Simon J and Cox, James T and Boardman, Richard P and Johnston, Steven J and Scott, Mark and O’brien, Neil S},
	journal={Cluster Computing},
	volume={17},
	number={2},
	pages={349--358},
	year={2014},
	publisher={Springer}
}

@misc{junger2007method,
	title={Method of data transmission and a transmission and reception device therefor},
	author={Junger, Andreas and Moritz, Rainer and Lueders, Uwe and Thuss, Wolfgang and Elbracht, Berthold and Haensel, Jens and Kostorz, Wolfgang},
	year={2007},
	month=apr # "~10",
	publisher={Google Patents},
	note={US Patent 7,203,776}
}

@misc{lin2008transmission,
	title={Transmission device and data extended transmission method},
	author={Lin, Hung-Ming and Huang, Hung-Ju and Yuan, Jen-min and Bai, Ming-Chi},
	year={2008},
	month=sep # "~2",
	publisher={Google Patents},
	note={US Patent App. 12/203,007}
}

@book{harrington2015learning,
	title={Learning Raspbian},
	author={Harrington, William},
	year={2015},
	publisher={Packt Publishing Ltd}
}

@Misc{realvnc,
	howpublished = {\url{https://www.realvnc.com/docs/raspberry-pi.html}},
	note = {Accessed July 2, 2016},
	title = {RealVNC on Raspberry Pi},
	author = {RealVNC corp.}
}

@Misc{xtightvncserver,
	howpublished = {\url{https://www.raspberrypi.org/documentation/remote-access/vnc/}},
	note = {Accessed July 2, 2016},
	title = {VNC on Raspberry Pi},
	author = {Raspberry Pi org.}
}